@book{haykin,
author = {Haykin, S. and Moher. M},
title = {Communication Systems},
year = {2009},
publisher = {John and Wiley Sons Inc},
edition = {5}
}

@book{tomasi,
author = {Tomasi, W},
title = {Sistemas de Comunicaciones Electrónicas},
year = {2003},
publisher = {Pearson Educación},
edition = {4}
}

@book{balanis,
author = {Constantine, A Balanis},
title = {Antenna Theory},
year = {2016},
publisher = {Wiley},
edition = {4}
}

@book{pozar,
author = {David M. Pozar},
title = {Microwave Engineering},
year = {2012},
publisher = {Wiley},
edition = {4}
}

@book{hayt,
  author    = {Hayt, W. H. and Buck, J. A.},
  title     = {Teoría Electromagnética},
  year      = {2012},
  publisher = {McGraw-Hill},
  edition   = {8}
}



@book{Stone_2022, place={Sheffield, United Kingdom}, title={Information theory: A tutorial introduction}, publisher={Sebtel Press}, author={Stone, James V.}, year={2022}} 

@misc{jpeg, title={PHOTOGRAPHY JPEG files.}, url={https://www.adobe.com/creativecloud/file-types/image/raster/jpeg-file.html}, journal={Everything you need to know about JPEG files | adobe}} 

@misc{tiff, title={PHOTOGRAPHY TIFF files.}, url={https://www.adobe.com/creativecloud/file-types/image/raster/tiff-file.html}, journal={What are TIFF files and how do you open them? | adobe}} 
